@book{novik2006his,
  title={His Majesty's Dragon: Book One of the Temeraire},
  author={Novik, Naomi},
  volume={1},
  year={2006},
  publisher={Del Rey}
}

@book{grisham2013testament,
  title={Das Testament: Roman},
  author={Grisham, John},
  year={2013},
  publisher={Heyne Verlag}
}